@article{Nicmanis2025,
  author    = {Mitchell Nicmanis and Harry Spurrier},
  title     = {Getting Started with Artificial Intelligence Assisted Qualitative Analysis: An Introductory Guide to Qualitative Research Approaches with Exploratory Examples from Reflexive Content Analysis},
  journal   = {International Journal of Qualitative Methods},
  year      = {2025},
  doi       = {10.1177/16094069251354863},
  url       = {https://journals.sagepub.com/doi/10.1177/16094069251354863}
}
@article{Chen2024,
  author    = {John Chen and others},
  title     = {A Computational Method for Measuring “Open Codes” in Qualitative Analysis},
  journal   = {arXiv preprint},
  year      = {2024},
  url       = {https://arxiv.org/html/2411.12142v1}
}
@article{Bijker2024,
  author    = {Ruud Bijker and others},
  title     = {ChatGPT for Automated Qualitative Research: Content Analysis of Online Discussions},
  journal   = {Journal of Medical Internet Research},
  year      = {2024},
  volume    = {26},
  pages     = {e59050},
  doi       = {10.2196/59050},
  url       = {https://www.jmir.org/2024/1/e59050/}
}
@inproceedings{Parfenova2024,
  author    = {Angelina Parfenova and others},
  title     = {Automating Qualitative Data Analysis with Large Language Models},
  booktitle = {Proceedings of the ACL Student Research Workshop},
  year      = {2024},
  url       = {https://aclanthology.org/2024.acl-srw.17.pdf}
}
@article{Hoxtell2019,
  author    = {Annette Hoxtell},
  title     = {Automation of Qualitative Content Analysis: A Proposal},
  journal   = {Forum: Qualitative Social Research (FQS)},
  year      = {2019},
  url       = {https://d-nb.info/1249490928/34}
}



@article{BraunClarke2006,
  author    = {Virginia Braun and Victoria Clarke},
  title     = {Using thematic analysis in psychology},
  journal   = {Qualitative Research in Psychology},
  year      = {2006},
  volume    = {3},
  number    = {2},
  pages     = {77--101},
  doi       = {10.1191/1478088706qp063oa},
  url       = {https://psychology.ukzn.ac.za/?mdocs-file=1176}
}
@book{CorbinStrauss1990,
  author    = {Juliet Corbin and Anselm Strauss},
  title     = {Basics of Qualitative Research: Grounded Theory Procedures and Techniques},
  year      = {1990},
  publisher = {SAGE Publications},
  url       = {https://mcs4480.files.wordpress.com/2016/08/grounded-theory-description-copy.pdf}
}
@article{Guest2020,
  author    = {Greg Guest and Kathleen M. MacQueen and Emily E. Namey},
  title     = {A simple method to assess and report thematic saturation in qualitative research},
  journal   = {PLOS ONE},
  year      = {2020},
  volume    = {15},
  number    = {5},
  pages     = {e0232076},
  doi       = {10.1371/journal.pone.0232076},
  url       = {https://journals.plos.org/plosone/article?id=10.1371%2Fjournal.pone.0232076}
}